@article{chamot2011posttranslational,
  title={Posttranslational modification of pili upon cell contact triggers N. meningitidis dissemination},
  author={Chamot-Rooke, Julia and Mikaty, Guillain and Malosse, Christian and Soyer, Magali and Dumont, Audrey and Gault, Joseph and Imhaus, Anne-Flore and Martin, Patricia and Trellet, Mikael and Clary, Guilhem and others},
  journal={Science},
  volume={331},
  number={6018},
  pages={778},
  year={2011},
  publisher={American Association for the Advancement of Science}
}

@article{rodrigues2012clustering,
  title={Clustering biomolecular complexes by residue contacts similarity},
  author={Rodrigues, Jo{\~a}o PGLM and Trellet, Mika{\"e}l and Schmitz, Christophe and Kastritis, Panagiotis and Karaca, Ezgi and Melquiond, Adrien SJ and Bonvin, Alexandre MJJ},
  journal={Proteins: Structure, Function, and Bioinformatics},
  volume={80},
  number={7},
  pages={1810--1817},
  year={2012},
  publisher={Wiley Subscription Services, Inc., A Wiley Company}
}

@article{trellet2013unified,
  title={A unified conformational selection and induced fit approach to protein-peptide docking},
  author={Trellet, Mikael and Melquiond, Adrien SJ and Bonvin, Alexandre MJJ},
  journal={PloS one},
  volume={8},
  number={3},
  pages={e58769},
  year={2013},
  publisher={Public Library of Science}
}

@article{moretti2013community,
  title={Community-wide evaluation of methods for predicting the effect of mutations on protein--protein interactions},
  author={Moretti, Rocco and Fleishman, Sarel J and Agius, Rudi and Torchala, Mieczyslaw and Bates, Paul A and Kastritis, Panagiotis L and Rodrigues, Jo{\~a}o PGLM and Trellet, Mika{\"e}l and Bonvin, Alexandre MJJ and Cui, Meng and others},
  journal={Proteins: Structure, Function, and Bioinformatics},
  volume={81},
  number={11},
  pages={1980--1987},
  year={2013}
}

@article{rodrigues2013defining,
  title={Defining the limits of homology modeling in information-driven protein docking},
  author={Rodrigues, JPGLM and Melquiond, ASJ and Karaca, E and Trellet, M and Dijk, M and Zundert, GCP and Schmitz, C and Vries, SJ and Bordogna, A and Bonati, L and others},
  journal={Proteins: Structure, Function, and Bioinformatics},
  volume={81},
  number={12},
  pages={2119--2128},
  year={2013}
}

@article{dreher2014fd169,
  title={FD169: Exaviz: A Flexible Framework to Analyse, Steer and Interact with Molecular Dynamics Simulations},
  author={Dreher, Matthieu and Prevoteau-Jonquet, Jessica and Trellet, Mikael and Piuzzi, Marc and Baaden, Marc and Raffin, Bruno and F{\'e}rey, Nicolas and Robert, Sophie and Limet, S{\'e}bastien},
  journal={Faraday Discussions},
  year={2014},
  publisher={Royal Society of Chemistry}
}

@article{tahi2012evryrna,
  title={EvryRNA: bioinformatics platform for non-coding RNA},
  author={Tahi, Fariza and Besnard, Mederich and Chandesris, Gabriel and Tempel, S{\'e}bastien and Trellet, Mikael and others},
  journal={Proc. de la 13{\`e}me Journ{\'e}es Ouvertes en Biologie, Informatique et Math{\'e}matiques (JOBIM 2012)},
  pages={493--494},
  year={2012}
}

@inproceedings{trellet2014content,
  title={Content-guided Navigation in Multimeric Molecular Complexes.},
  author={Trellet, Mikael and F{\'e}rey, Nicolas and Baaden, Marc and Bourdot, Patrick},
  booktitle={BIOIMAGING},
  pages={76--81},
  year={2014}
}

